<record><leader>00000cas a2200000 a 4500</leader><controlfield tag="001">36105749</controlfield><controlfield tag="008">961218d18791886miuwr ne      0    0eng c</controlfield><datafield ind1=" " ind2=" " tag="010"><subfield code="a">sn 96077374 </subfield></datafield><datafield ind1=" " ind2=" " tag="040"><subfield code="a">MHN</subfield><subfield code="b">eng</subfield><subfield code="c">MHN</subfield><subfield code="d">OCL</subfield><subfield code="d">OCLCQ</subfield><subfield code="d">OCLCF</subfield><subfield code="d">OCLCO</subfield></datafield><datafield ind1=" " ind2=" " tag="042"><subfield code="a">pcc</subfield></datafield><datafield ind1=" " ind2=" " tag="043"><subfield code="a">n-us-mi</subfield></datafield><datafield ind1="0" ind2="0" tag="245"><subfield code="a">Clinton and Shiawassee union.</subfield></datafield><datafield ind1="3" ind2=" " tag="246"><subfield code="a">Clinton &amp; Shiawassee union</subfield></datafield><datafield ind1=" " ind2=" " tag="260"><subfield code="a">Ovid, Clinton County, Mich. :</subfield><subfield code="b">Fitzgerald &amp; Walsh</subfield></datafield><datafield ind1=" " ind2=" " tag="300"><subfield code="a">v.</subfield></datafield><datafield ind1=" " ind2=" " tag="310"><subfield code="a">Weekly</subfield></datafield><datafield ind1="1" ind2=" " tag="362"><subfield code="a">Began June 30, 1879?</subfield></datafield><datafield ind1="0" ind2=" " tag="362"><subfield code="a">-New ser., v. 8, no. 24 (Nov. 26, 1886).</subfield></datafield><datafield ind1=" " ind2=" " tag="515"><subfield code="a">Issue also called: &lt;New series, vol. 2, no. 4 (July 16, 1880)&gt;.</subfield></datafield><datafield ind1=" " ind2=" " tag="580"><subfield code="a">Merged with: Ovid register (Ovid, Mich. : 1874), to form: Register-union.</subfield></datafield><datafield ind1=" " ind2=" " tag="588"><subfield code="a">Description based on: Vol. 1, no. 3 (July 12, 1879).</subfield></datafield><datafield ind1=" " ind2="0" tag="651"><subfield code="a">Ovid (Mich.)</subfield><subfield code="v">Newspapers.</subfield></datafield><datafield ind1=" " ind2="0" tag="651"><subfield code="a">Clinton County (Mich.)</subfield><subfield code="v">Newspapers.</subfield></datafield><datafield ind1=" " ind2="7" tag="655"><subfield code="a">Newspapers.</subfield><subfield code="2">fast</subfield><subfield code="0">(OCoLC)fst01423814</subfield></datafield><datafield ind1=" " ind2="7" tag="651"><subfield code="a">Michigan</subfield><subfield code="z">Clinton County.</subfield><subfield code="2">fast</subfield><subfield code="0">(OCoLC)fst01214774</subfield></datafield><datafield ind1=" " ind2="7" tag="651"><subfield code="a">Michigan</subfield><subfield code="z">Ovid.</subfield><subfield code="2">fast</subfield><subfield code="0">(OCoLC)fst01236776</subfield></datafield><datafield ind1=" " ind2=" " tag="752"><subfield code="a">United States</subfield><subfield code="b">Michigan</subfield><subfield code="c">Clinton</subfield><subfield code="d">Ovid.</subfield></datafield><datafield ind1="1" ind2="7" tag="785"><subfield code="t">Ovid register (Ovid, Mich. : 1874)</subfield><subfield code="w">(DLC)sn 96077372</subfield><subfield code="w">(OCoLC)36106154</subfield></datafield><datafield ind1="1" ind2="7" tag="785"><subfield code="t">Register-union</subfield><subfield code="w">(DLC)sn 96077375</subfield><subfield code="w">(OCoLC)36105663</subfield></datafield></record>